<?xml version="1.0" encoding="UTF-8"?><record xmlns="http://www.loc.gov/MARC21/slim" xmlns:cinclude="http://apache.org/cocoon/include/1.0" xmlns:zs="http://www.loc.gov/zing/srw/">
  <leader>00593cz  a2200169n  4500</leader>
  <controlfield tag="001">n  93075742 </controlfield>
  <controlfield tag="003">DLC</controlfield>
  <controlfield tag="005">20130319170536.0</controlfield>
  <controlfield tag="008">930806n| azannaab           |a aad      </controlfield>
  <datafield tag="010" ind1=" " ind2=" ">
    <subfield code="a">n  93075742 </subfield>
  </datafield>
  <datafield tag="040" ind1=" " ind2=" ">
    <subfield code="a">DLC</subfield>
    <subfield code="b">eng</subfield>
    <subfield code="e">rda</subfield>
    <subfield code="c">DLC</subfield>
    <subfield code="d">DLC</subfield>
  </datafield>
  <datafield tag="046" ind1=" " ind2=" ">
    <subfield code="f">1833</subfield>
  </datafield>
  <datafield tag="100" ind1="1" ind2=" ">
    <subfield code="a">Hutchinson, C. C.</subfield>
    <subfield code="q">(Clinton Carter),</subfield>
    <subfield code="d">1833-</subfield>
  </datafield>
  <datafield tag="378" ind1=" " ind2=" ">
    <subfield code="q">Clinton Carter</subfield>
  </datafield>
  <datafield tag="400" ind1="1" ind2=" ">
    <subfield code="w">nnea</subfield>
    <subfield code="a">Hutchinson, C. C.</subfield>
    <subfield code="q">(Clinton Carter),</subfield>
    <subfield code="d">b. 1833</subfield>
  </datafield>
  <datafield tag="400" ind1="1" ind2=" ">
    <subfield code="a">Hutchinson, Clinton Carter,</subfield>
    <subfield code="d">1833-</subfield>
  </datafield>
  <datafield tag="670" ind1=" " ind2=" ">
    <subfield code="a">nuc93-2358: His Resources of Kansas [MI] 1871</subfield>
    <subfield code="b">(hdg. on ResP rept.: Hutchinson, Clinton Carter, 1833- ; usage: C.C. Hutchinson)</subfield>
  </datafield>
</record>